@book{atzeni2006basi,
	title={Basi di dati: modelli e linguaggi di interrogazione (seconda edizione)},
	author={Atzeni, Paolo and Ceri, Stefano and Paraboschi, Stefano and Torlone, Riccardo},
	year={2006},
	publisher={McGraw-Hill}
}

@misc{WIKI:STREAM,
	Author = {Wikipedia},
	HowPublished = {\url{https://it.wikipedia.org/wiki/Stream_processing}}
}

@article{cali2013taming,
	title={Taming the infinite chase: Query answering under expressive relational constraints},
	author={Cal{\i}, Andrea and Gottlob, Georg and Kifer, Michael},
	journal={J. Artif. Intell. Res},
	volume={48},
	pages={115--174},
	year={2013}
}

@article{cali2012general,
	title={A general datalog-based framework for tractable query answering over ontologies},
	author={Cal{\`\i}, Andrea and Gottlob, Georg and Lukasiewicz, Thomas},
	journal={Web Semantics: Science, Services and Agents on the World Wide Web},
	volume={14},
	pages={57--83},
	year={2012},
	publisher={Elsevier}
}

@article{cali2012towards,
	title={Towards more expressive ontology languages: The query answering problem},
	author={Cali, Andrea and Gottlob, Georg and Pieris, Andreas},
	journal={Artificial Intelligence},
	volume={193},
	pages={87--128},
	year={2012},
	publisher={Elsevier}
}

@inproceedings{cali2010datalog+,
	title={Datalog+/-: A family of logical knowledge representation and query languages for new applications},
	author={Cali, Andrea and Gottlob, Georg and Lukasiewicz, Thomas and Marnette, Bruno and Pieris, Andreas},
	booktitle={Logic in Computer Science (LICS), 2010 25th Annual IEEE Symposium on},
	pages={228--242},
	year={2010},
	organization={IEEE}
}

@book{ceri2012logic,
	title={Logic programming and databases},
	author={Ceri, Stefano and Gottlob, Georg and Tanca, Letizia},
	year={2012},
	publisher={Springer Science \& Business Media}
}

@inproceedings{huang2011datalog,
	title={Datalog and emerging applications: an interactive tutorial},
	author={Huang, Shan Shan and Green, Todd Jeffrey and Loo, Boon Thau},
	booktitle={Proceedings of the 2011 ACM SIGMOD International Conference on Management of data},
	pages={1213--1216},
	year={2011},
	organization={ACM}
}

@article{dantsin2001complexity,
	title={Complexity and expressive power of logic programming},
	author={Dantsin, Evgeny and Eiter, Thomas and Gottlob, Georg and Voronkov, Andrei},
	journal={ACM Computing Surveys (CSUR)},
	volume={33},
	number={3},
	pages={374--425},
	year={2001},
	publisher={ACM}
}

@inproceedings{shkapsky2016big,
	title={Big data analytics with datalog queries on spark},
	author={Shkapsky, Alexander and Yang, Mohan and Interlandi, Matteo and Chiu, Hsuan and Condie, Tyson and Zaniolo, Carlo},
	booktitle={Proceedings of the 2016 International Conference on Management of Data},
	pages={1135--1149},
	year={2016},
	organization={ACM}
}

@article{calvanese2011mastro,
	title={The MASTRO system for ontology-based data access},
	author={Calvanese, Diego and De Giacomo, Giuseppe and Lembo, Domenico and Lenzerini, Maurizio and Poggi, Antonella and Rodriguez-Muro, Mariano and Rosati, Riccardo and Ruzzi, Marco and Savo, Domenico Fabio},
	journal={Semantic Web},
	volume={2},
	number={1},
	pages={43--53},
	year={2011},
	publisher={IOS Press}
}

@inproceedings{roy2000efficient,
	title={Efficient and extensible algorithms for multi query optimization},
	author={Roy, Prasan and Seshadri, Srinivasan and Sudarshan, S and Bhobe, Siddhesh},
	booktitle={ACM SIGMOD Record},
	volume={29},
	number={2},
	pages={249--260},
	year={2000},
	organization={ACM}
}